<?xml version="1.0" encoding="UTF-8"?><collection xmlns="http://www.loc.gov/MARC21/slim"><record><leader>00446nam--2200169-u-4500</leader><controlfield tag="001">000054333</controlfield><controlfield tag="002">20161230</controlfield><controlfield tag="005">20161230201051</controlfield><controlfield tag="008">111121s1000------------r-----000-0-eng-d</controlfield><datafield ind1=" " ind2=" " tag="040"><subfield code="a">IFIN-HH</subfield></datafield><datafield ind1=" " ind2=" " tag="080"><subfield code="a">539.12</subfield></datafield><datafield ind1="1" ind2=" " tag="100"><subfield code="a">Thompson, Graham D</subfield></datafield><datafield ind1="1" ind2="0" tag="245"><subfield code="a">A determination of the kaon-nucleon sigma -term</subfield><subfield code="c">Graham d. thompson</subfield></datafield><datafield ind1=" " ind2=" " tag="260"><subfield code="a">Glasgow</subfield><subfield code="b">University</subfield><subfield code="c">/F.An</subfield></datafield><datafield ind1=" " ind2=" " tag="300"><subfield code="a">15P</subfield></datafield><datafield ind1=" " ind2=" " tag="852"><subfield code="a">34564</subfield><subfield code="c">539.12</subfield></datafield><datafield ind1=" " ind2=" " tag="CAT"><subfield code="a">Sys</subfield><subfield code="c">20111121</subfield><subfield code="h">163411</subfield></datafield></record></collection>